<?xml version="1.0" encoding="utf-8"?>
<record xmlns="http://www.loc.gov/MARC21/slim" xmlns:xsi="http://www.w3.org/2001/XMLSchema-instance" xsi:schemaLocation="http://www.loc.gov/MARC21/slim http://www.loc.gov/standards/marcxml/schema/MARC21slim.xsd">
	<leader>     nam a22        4500</leader>
	<controlfield tag="001">4437516</controlfield>
	<controlfield tag="003">NIC</controlfield>
	<controlfield tag="006">m        d        </controlfield>
	<controlfield tag="007">cr cn |||m|||a</controlfield>
	<controlfield tag="008">160323s1947    le      o     000 0 ara d</controlfield>
	<datafield ind1=" " ind2=" " tag="040">
		<subfield code="a">NNU</subfield>
		<subfield code="b">eng</subfield>
		<subfield code="e">rda</subfield>
		<subfield code="c">NNU</subfield>
	</datafield>
	<datafield ind1=" " ind2="4" tag="050">
		<subfield code="a">BP130.4</subfield>
		<subfield code="b">.Z3 1847x</subfield>
	</datafield>
	<datafield ind1="1" ind2=" " tag="100">
		<subfield code="6">880-01</subfield>
		<subfield code="a">Zamakhsharī, Maḥmūd ibn ʻUmar,</subfield>
		<subfield code="d">1075-1144.</subfield>
	</datafield>
	<datafield ind1="1" ind2="3" tag="245">
		<subfield code="6">880-02</subfield>
		<subfield code="a">al-Kashshāf ʻan ḥaqāʼiq ghawāmiḍ al-tanzīl wa-ʻuyūn al-aqāwīl fī wujūh al-taʼwīl /</subfield>
		<subfield code="c">wa-huwa tafsīr al-Qurʼān al-karīm. Wa-bi-dhaylihi arbaʻat kutub: al-awwal: al-intiṣāf li-Aḥmad ibn al-Munayyir al-Iskandarī, al-thānī: al-Kāfī al-shāfī fī takhrīj aḥādīth al-kashshāf lil-Ḥāfiẓ Ibn Ḥajar al-ʻAsqalānī, al-thālith : ḥāshiyat Muḥammad ʻIlyān al-Marzūqī ʻalá tafsīr al-kashshāf, al-rābiʻ : mashāhid al-inṣāf ʻalá shawāhid al-kashshāf li-Muḥammad ʻIlyān al-Madhkūr.</subfield>
	</datafield>
	<datafield ind1=" " ind2=" " tag="260">
		<subfield code="6">880-03</subfield>
		<subfield code="a">Bayrūt :</subfield>
		<subfield code="b">Dār al-Kitāb al-ʻArabī,</subfield>
		<subfield code="c">[1947]</subfield>
	</datafield>
	<datafield ind1=" " ind2=" " tag="300">
		<subfield code="a">online resource (4 volumes)</subfield>
	</datafield>
	<datafield ind1=" " ind2=" " tag="336">
		<subfield code="a">text</subfield>
		<subfield code="2">rdacontent</subfield>
	</datafield>
	<datafield ind1=" " ind2=" " tag="337">
		<subfield code="a">computer</subfield>
		<subfield code="2">rdamedia</subfield>
	</datafield>
	<datafield ind1=" " ind2=" " tag="338">
		<subfield code="a">online resource</subfield>
		<subfield code="2">rdacarrier</subfield>
	</datafield>
	<datafield ind1=" " ind2=" " tag="500">
		<subfield code="a">In Arabic.</subfield>
	</datafield>
	<datafield ind1=" " ind2=" " tag="500">
		<subfield code="a">Part of the Arabic Collections Online (ACO) project, contributed by Cornell University Libraries.</subfield>
	</datafield>
	<datafield ind1=" " ind2=" " tag="533">
		<subfield code="a">Electronic reproduction.</subfield>
		<subfield code="b">New York, N.Y. :</subfield>
		<subfield code="c">New York University,</subfield>
		<subfield code="d">2016.</subfield>
		<subfield code="5">NNU</subfield>
	</datafield>
	<datafield ind1="0" ind2="0" tag="630">
		<subfield code="a">Qurʼan</subfield>
		<subfield code="x">Criticism, interpretation, etc.</subfield>
		<subfield code="v">Early works to 1800.</subfield>
	</datafield>
	<datafield ind1="0" ind2="0" tag="630">
		<subfield code="a">Qurʼan</subfield>
		<subfield code="x">Hermeneutics</subfield>
		<subfield code="v">Early works to 1800.</subfield>
	</datafield>
	<datafield ind1="0" ind2="7" tag="630">
		<subfield code="a">Qurʼan.</subfield>
		<subfield code="2">fast</subfield>
		<subfield code="0">(OCoLC)fst01842877</subfield>
	</datafield>
	<datafield ind1=" " ind2="7" tag="650">
		<subfield code="a">Hermeneutics.</subfield>
		<subfield code="2">fast</subfield>
		<subfield code="0">(OCoLC)fst00955492</subfield>
	</datafield>
	<datafield ind1=" " ind2="7" tag="655">
		<subfield code="a">Criticism, interpretation, etc.</subfield>
		<subfield code="2">fast</subfield>
		<subfield code="0">(OCoLC)fst01411635</subfield>
	</datafield>
	<datafield ind1=" " ind2="7" tag="655">
		<subfield code="a">Early works.</subfield>
		<subfield code="2">fast</subfield>
		<subfield code="0">(OCoLC)fst01411636</subfield>
	</datafield>
	<datafield ind1="1" ind2="2" tag="700">
		<subfield code="6">880-04</subfield>
		<subfield code="a">Ibn ʻAṭāʼ Allāh, Aḥmad ibn Muḥammad,</subfield>
		<subfield code="d"> -1309.</subfield>
		<subfield code="t">Intiṣāf. </subfield>
	</datafield>
	<datafield ind1="1" ind2="2" tag="700">
		<subfield code="6">880-05</subfield>
		<subfield code="a">Ibn Ḥajar al-ʻAsqalānī, Aḥmad ibn ʻAlī,</subfield>
		<subfield code="d"> 1372-1449.</subfield>
		<subfield code="t">Al-Kāfī al-shf̄ī. </subfield>
	</datafield>
	<datafield ind1="1" ind2=" " tag="700">
		<subfield code="6">880-06</subfield>
		<subfield code="a">Marzūqī, Muḥammad ʻIlyān.</subfield>
		<subfield code="t">Ḥāshiyah.</subfield>
	</datafield>
	<datafield ind1="1" ind2=" " tag="700">
		<subfield code="6">880-07</subfield>
		<subfield code="a">Marzūqī, Muḥammad ʻIlyān.</subfield>
		<subfield code="t">Mashāhid al-inṣāf.</subfield>
	</datafield>
	<datafield ind1="2" ind2=" " tag="710">
		<subfield code="a">Cornell University.</subfield>
		<subfield code="b">Libraries.</subfield>
	</datafield>
	<datafield ind1="0" ind2=" " tag="730">
		<subfield code="a">Arabic Collections Online.</subfield>
	</datafield>
	<datafield ind1="0" ind2="8" tag="776">
		<subfield code="i">Print version:</subfield>
		<subfield code="a">Zamakhsharī, Maḥmūd ibn ʻUmar, 1075-1144.</subfield>
		<subfield code="t">al-Kashshāf ʻan ḥaqāʼiq ghawāmiḍ al-tanzīl wa-ʻuyūn al-aqāwīl fī wujūh al-taʼwīl</subfield>
		<subfield code="w">(NIC)4437516</subfield>
		<subfield code="w">(OCoLC)32475587</subfield>
	</datafield>
	<datafield ind1="4" ind2="0" tag="856">
		<subfield code="u">http://hdl.handle.net/2333.1/573n5xk4</subfield>
	</datafield>
	<datafield ind1="1" ind2=" " tag="880">
		<subfield code="6">100-01/r</subfield>
		<subfield code="a">زمخشري، محمود بن عمر،</subfield>
		<subfield code="d">1075-1144.</subfield>
	</datafield>
	<datafield ind1="1" ind2="2" tag="880">
		<subfield code="6">245-02/r</subfield>
		<subfield code="a">الكشاف عن حقائق غوامض التنزيل وعيون الأقاويل في وجوه التأويل :</subfield>
		<subfield code="b">وهو تفسير القرآن الكريم /</subfield>
		<subfield code="c">لجاد الله محمود بن عمر الزمخشري. وبذيله أربعة كتب: الأول: الإنتصاف / لأحمد بن المنير الإسكندري. الثاني: الكافي الشاف في تخريج أحاديث الكشاف / لابن حجر العسقلاني. الثالث: حاشية محمد عليان المرزوقي على تفسير الكشاف. الرابع: مشاهد الإنصاف على شواهد الكشاف / لمحمد عليان المذكور.</subfield>
	</datafield>
	<datafield ind1=" " ind2=" " tag="880">
		<subfield code="6">260-03/r</subfield>
		<subfield code="a">بيروت :</subfield>
		<subfield code="b">دار الكتاب العربي،</subfield>
		<subfield code="c">[1947]</subfield>
	</datafield>
	<datafield ind1="1" ind2="2" tag="880">
		<subfield code="6">700-04/r</subfield>
		<subfield code="a">ابن عطاء الله، احمد بن محمد،</subfield>
		<subfield code="d">1309.</subfield>
		<subfield code="t">انتصاف. </subfield>
	</datafield>
	<datafield ind1="1" ind2="2" tag="880">
		<subfield code="6">700-05/r</subfield>
		<subfield code="a">ابن حجر العسقلاني، احمد بن علي،</subfield>
		<subfield code="d">1372-1449.</subfield>
		<subfield code="t">الكافي الشاف. </subfield>
	</datafield>
	<datafield ind1="1" ind2=" " tag="880">
		<subfield code="6">700-06/r</subfield>
		<subfield code="a">مرزوقي، محمد عليان.</subfield>
		<subfield code="t">حاشية.</subfield>
	</datafield>
	<datafield ind1="1" ind2=" " tag="880">
		<subfield code="6">700-07/r</subfield>
		<subfield code="a">مرزوقي، محمد عليان.</subfield>
		<subfield code="t">مشاهد الانصاف.</subfield>
	</datafield>
	<datafield ind1=" " ind2=" " tag="959">
		<subfield code="a">NNU</subfield>
		<subfield code="b">WEB</subfield>
		<subfield code="c">GENI</subfield>
		<subfield code="t">0</subfield>
		<subfield code="m">Electronic access</subfield>
		<subfield code="s">01</subfield>
	</datafield>
	<datafield ind1=" " ind2=" " tag="999">
		<subfield code="i">NIC_4437516</subfield>
		<subfield code="o">(OCoLC)ocm32475587</subfield>
		<subfield code="s">cornell_aco000461:v.1</subfield>
		<subfield code="s">cornell_aco000439:v.2</subfield>
		<subfield code="s">cornell_aco000438:v.3</subfield>
		<subfield code="s">cornell_aco000435:v.4</subfield>
		<subfield code="e">(ERROR-880)</subfield>
		<subfield code="s">cornell_aco000461:v.1</subfield>
		<subfield code="s">cornell_aco000439:v.2</subfield>
		<subfield code="s">cornell_aco000438:v.3</subfield>
		<subfield code="s">cornell_aco000435:v.4</subfield>
	</datafield>
</record>
